@MISC{online_material,
  NOTE ="See Supplemental Material at [to be inserted] for the EMC ratios
from this experiment and the updated SLAC results."}

@article{sargsian12,
      author         = "Sargsian, Misak M.",
      title          = "{New Properties of High Momentum Distribution of Nucleons
                        in Asymmetric Nuclei}",
      year           = "2012",
      eprint         = "arXiv:1210.3280",
      archivePrefix = "arXiv",
      primaryClass   = "nucl-th",
      reportNumber   = "NUPAR-11-2012",
      SLACcitation   = "%%CITATION = ARXIV:1210.3280;%%"}

@article{weinstein11,
      author         = "Weinstein, L.B. and Piasetzky, E. and Higinbotham, D.W.
                        and Gomez, J. and Hen, O. and Shneor, R.",
      title          = "{Short Range Correlations and the EMC Effect}",
      journal        = "Phys. Rev. Lett.",
      volume         = 106,
      pages          = 052301,
      year           = 2011}

@article{piasetzky06,
      author         = "Piasetzky, E. and Sargsian, M. and Frankfurt, L. and
                        Strikman, M. and Watson, J.W.",
      title          = "{Evidence for the strong dominance of proton-neutron
                        correlations in nuclei}",
      journal        = "Phys. Rev. Lett.",
      volume         = "97",
      pages          = "162504",
      doi            = "10.1103/PhysRevLett.97.162504",
      year           = "2006",
      reportNumber   = "FIU-NUPAR-04-06",
      SLACcitation   = "%%CITATION = NUCL-TH/0604012;%%"}

@article{pirner11,
      author         = "Pirner, Hans J. and Vary, James P.",
      title          = "{Boundary between Hadron and Quark/Gluon Structure of
                        Nuclei}",
      journal        = "Phys.Rev.",
      volume         = "C84",
      pages          = "015201",
      doi            = "10.1103/PhysRevC.84.015201",
      year           = "2011",
      SLACcitation   = "%%CITATION = ARXIV:1008.4962;%%",}

@article{mkrtchyan13,
      author         = "Mkrtchyan, H. and others",
      title          = "{The lead-glass electromagnetic calorimeters for the
                        magnetic spectrometers in Hall C at Jefferson Lab}",
      journal        = "Nucl. Instrum. Meth.",
      volume         = "A719",
      pages          = "85-100",
      doi            = "10.1016/j.nima.2013.03.070",
      year           = "2013",
      SLACcitation   = "%%CITATION = ARXIV:1204.6413;%%"}

@article{baker95,
      author         = "O. K. Baker and others",
      title          = "{The High Momentum Spectrometer drift chambers in Hall C
                        at CEBAF}",
      journal        = "Nucl. Instrum. Meth.",
      volume         = "A367",
      pages          = "92-95",
      doi            = "10.1016/0168-9002(95)00737-7",
      year           = "1995",
      SLACcitation   = "%%CITATION = NUIMA,A367,92;%%"}

@article{hen13,
      author         = "Hen, O. and Higinbotham, D.W. and Miller, G.A. and
                        Piasetzky, E. and Weinstein, L.B.",
      title          = "{The EMC Effect and High Momentum Nucleons in Nuclei}",
      journal        = "Int. J. Mod. Phys. E. 22,",
      volume         = "1330017",
      doi            = "10.1142/S0218301313300178",
      year           = "2013",
      SLACcitation   = "%%CITATION = ARXIV:1304.2813;%%",}

@Article{Schienbein_tarmass_rev,
     author    = "Schienbein, Ingo and others",
     title     = "{A Review of Target Mass Corrections}",
     journal   = "J. Phys.",
     volume    = "G35",
     year      = "2008",
     pages     = "053101",
     primaryClass  =  "hep-ph",
     doi       = "10.1088/0954-3899/35/5/053101",
     SLACcitation  = "%%CITATION = 0709.1775;%%"}


@article{guzey12,
      author         = "Guzey, Vadim and others",
      title          = "{Impact of nuclear dependence of $R=\sigma_L/\sigma_T$ on
                        antishadowing in nuclear structure functions}",
      journal        = "Phys. Rev. C",
      volume         = "86",
      pages          = "045201",
      doi            = "10.1103/PhysRevC.86.045201",
      year           = "2012",
      SLACcitation   = "%%CITATION = ARXIV:1207.0131;%%",}

@article{Tvaskis:2006tv,
      author         = "Tvaskis, V. and Christy, M.E. and Arrington, J. and
                        Asaturyan, R. and Baker, O.K. and others",
      title          = "{Longitudinal-transverse separations of structure
                        functions at low Q**2 for hydrogen and deuterium}",
      journal        = "Phys. Rev. Lett.",
      volume         = "98",
      pages          = "142301",
      doi            = "10.1103/PhysRevLett.98.142301",
      year           = "2007",
      SLACcitation   = "%%CITATION = NUCL-EX/0611023;%%"}

@article{Tao:1995uh,
      author         = "Tao, L.H. and others",
      title          = "{Precision measurement of R = sigma-L / sigma-T on
                        hydrogen, deuterium and beryllium targets in deep
                        inelastic electron scattering}",
      collaboration  = "E140X Collaboration",
      journal        = "Z.Phys.",
      volume         = "C70",
      pages          = "387-390",
      doi            = "10.1007/s002880050117",
      year           = "1996",
      reportNumber   = "SLAC-PUB-6737, SLAC-PUB-95-6737",
      SLACcitation   = "%%CITATION = ZEPYA,C70,387;%%",}

@article{accardi11,
      author         = "Accardi, A. and Melnitchouk, W. and Owens, J.F. and
                        Christy, M.E. and Keppel, C.E. and others",
      title          = "{Uncertainties in determining parton distributions at
                        large x}",
      journal        = "Phys. Rev. D",
      volume         = "84",
      pages          = "014008",
      doi            = "10.1103/PhysRevD.84.014008",
      year           = "2011",
      SLACcitation   = "%%CITATION = ARXIV:1102.3686;%%",}

@article{fomin12,
      author         = "Fomin, N. and others",
      title          = "{New measurements of high-momentum nucleons and
                        short-range structures in nuclei}",
      journal        = "Phys. Rev. Lett.",
      volume         = "108",
      pages          = "092502",
      doi            = "10.1103/PhysRevLett.108.092502",
      year           = "2012",
      SLACcitation   = "%%CITATION = ARXIV:1107.3583;%%"}

@article{fomin10,
      author         = "Fomin, N. and others",
      title          = "{Scaling of the $F_2$ structure function in nuclei and
                        quark distributions at $x&gt;1$}",
      journal        = "Phys. Rev. Lett.",
      volume         = "105",
      pages          = "212502",
      doi            = "10.1103/PhysRevLett.105.212502",
      year           = "2010",
      SLACcitation   = "%%CITATION = ARXIV:1008.2713;%%"}

@article{arrington12a,
      author         = "Arrington, J. and Higinbotham, D.W. and Rosner, G. and
                        Sargsian, M.",
      title          = "{Hard probes of short-range nucleon-nucleon
                        correlations}",
      journal        = "Prog. Part. Nucl. Phys.",
      volume         = "67",
      pages          = "898-938",
      doi            = "10.1016/j.ppnp.2012.04.002",
      year           = "2012",
      SLACcitation   = "%%CITATION = ARXIV:1104.1196;%%"}

@article{arrington12b,
      author         = "Arrington, J. and Rubin, J.G. and Melnitchouk, W.",
      title          = "{How Well Do We Know The Neutron Structure Function?}",
      journal        = "Phys. Rev. Lett.",
      volume         = "108",
      pages          = "252001",
      doi            = "10.1103/PhysRevLett.108.252001",
      year           = "2012",
      SLACcitation   = "%%CITATION = ARXIV:1110.3362;%%"}

@article{arrington12c,
      author         = "Arrington, J. and others",
      title          = "{A detailed study of the nuclear dependence of the EMC
                        effect and short-range correlations}",
      journal        = "Phys. Rev. C",
      volume         = "86",
      pages          = "065204",
      doi            = "10.1103/PhysRevC.86.065204",
      year           = "2012"}

@article{sick92,
      author         = "Sick, I. and Day, D.",
      title          = "{The EMC effect of nuclear matter}",
      journal        = "Phys. Lett.",
      volume         = "B274",
      pages          = "16-20",
      doi            = "10.1016/0370-2693(92)90297-H",
      year           = "1992",
      SLACcitation   = "%%CITATION = PHLTA,B274,16;%%"}

@article{bodek81b,
      author         = "Bodek, A. and Ritchie, J.L.",
      title          = "{Further Studies of Fermi Motion Effects in Lepton
                        Scattering from Nuclear Targets}",
      journal        = "Phys. Rev. D",
      volume         = "24",
      pages          = "1400",
      doi            = "10.1103/PhysRevD.24.1400",
      year           = "1981",
      reportNumber   = "FERMILAB-PUB-81-100-E, UR-772, COO-3065-292",
      SLACcitation   = "%%CITATION = PHRVA,D24,1400;%%"}

@article{bodek81a,
      author         = "Bodek, A. and Ritchie, J.L.",
      title          = "{Fermi Motion Effects in Deep Inelastic Lepton Scattering
                        from Nuclear Targets}",
      journal        = "Phys. Rev. D",
      volume         = "23",
      pages          = "1070",
      doi            = "10.1103/PhysRevD.23.1070",
      year           = "1981",
      reportNumber   = "FERMILAB-PUB-80-120-E, UR-759, COO-3065-280",
      SLACcitation   = "%%CITATION = PHRVA,D23,1070;%%",
}

@article{frankfurt81,
      author         = "Frankfurt, L.L. and Strikman, M.I.",
      title          = "{QCD AND SHORT RANGE NUCLEAR PHENOMENA}",
      journal        = "Nucl. Phys.",
      volume         = "B181",
      pages          = "22",
      doi            = "10.1016/0550-3213(81)90505-8",
      year           = "1981",
      reportNumber   = "LENINGRAD-80-559",
      SLACcitation   = "%%CITATION = NUPHA,B181,22;%%",
}

@article{niculescu00a,
      author         = "Niculescu, I. and others",
      title          = "{Evidence for valencelike quark hadron duality}",
      journal        = "Phys. Rev. Lett.",
      volume         = "85",
      pages          = "1182-1185",
      year           = "2000"}

@article{Melnitchouk:2005zr,
      author         = "Melnitchouk, W. and Ent, R. and Keppel, C.",
      title          = "{Quark-hadron duality in electron scattering}",
      journal        = "Phys. Rept.",
      volume         = "406",
      pages          = "127-301",
      year           = "2005"}

@article{Osipenko:2010sb,
      author         = "Osipenko, M. and others",
      title          = "{Measurement of the Nucleon Structure Function F2 in the
                        Nuclear Medium and Evaluation of its Moments}",
      collaboration  = "CLAS Collaboration",
      journal        = "Nucl. Phys.",
      volume         = "A845",
      pages          = "1-32",
      year           = "2010"}


@Article{Akulinichev:1985ij,
     author    = "Akulinichev, S. V. and Kulagin, S. A. and Vagradov, G. M.",
     title     = "{The Role of Nuclear Binding in Deep Inelastic Lepton
                  Nucleon Scattering}",
     journal   = "Phys. Lett.",
     volume    = "B158",
     year      = "1985",
     pages     = "485-488",
     doi       = "10.1016/0370-2693(85)90799-3",
     SLACcitation  = "%%CITATION = PHLTA,B158,485;%%"
}

@Article{Akulinichev:1985xq,
     author    = "Akulinichev, S. V. and Shlomo, S. and Kulagin, Sergey A.
                  and Vagradov, G. M.",
     title     = "{LEPTON NUCLEUS DEEP INELASTIC SCATTERING}",
     journal   = "Phys. Rev. Lett.",
     volume    = "55",
     year      = "1985",
     pages     = "2239-2241",
     doi       = "10.1103/PhysRevLett.55.2239",
     SLACcitation  = "%%CITATION = PRLTA,55,2239;%%"
}




@ARTICLE{akulinichev_conv,
author = "Akulinichev, S. V. and others",    
year = "1985", 
journal = "JETP Lett.",
volume  = "42", 
pages   = "127",
}




@Article{Amaudruz:1995tq,
     author    = "Amaudruz, P. and others",
     title     = "{A Reevaluation of the nuclear structure function ratios
                  for D, He, Li-6, C and Ca}",
     journal   = "Nucl. Phys.",
     volume    = "B441",
     year      = "1995",
     pages     = "3-11",
     archivePrefix = "arXiv",
     doi       = "10.1016/0550-3213(94)00023-9",
     SLACcitation  = "%%CITATION = HEP-PH/9503291;%%"
}

@Article{Arneodo:1995cs,
     author    = "Arneodo, M. and others",
     title     = "{The Structure Function ratios F2(li) / F2(D) and F2(C) /
                  F2(D) at small x}",
     journal   = "Nucl. Phys.",
     volume    = "B441",
     year      = "1995",
     pages     = "12-30",
     archivePrefix = "arXiv",
     doi       = "10.1016/0550-3213(95)00023-2",
     SLACcitation  = "%%CITATION = HEP-EX/9504002;%%"
}



@Article{Arrington:2003nt,
     author    = "Arrington, J. and Ent, R. and Keppel, C. E. and Mammei, J.
                  and Niculescu, I.",
     title     = "Low-Q scaling, duality, and the EMC effect",
     journal   = prc,
     volume    = "73",
     year      = "2006",
     pages     = "035205",
     SLACcitation  = "%%CITATION = NUCL-EX 0307012;%%"}

@Article{Arrington:2008zh,
     author    = "Arrington, J. and Coester, F. and Holt, R. J. and Lee, T.
                  -S. H.",
     title     = "{Neutron Structure Functions}",
     journal   = "J. Phys.",
     volume    = "G36",
     year      = "2009",
     pages     = "025005",
     archivePrefix = "arXiv",
     primaryClass  =  "nucl-th",
     doi       = "10.1088/0954-3899/36/2/025005",
     SLACcitation  = "%%CITATION = 0805.3116;%%"
}

@article{niculescu06,
      author         = "Niculescu, I. and Arrington, J. and Ent, R. and Keppel,
                        C.E.",
      title          = "{Moments of nuclear and nucleon structure functions at
                        low Q**2 and the momentum sum rule}",
      journal        = "Phys.Rev.",
      volume         = "C73",
      pages          = "045206",
      doi            = "10.1103/PhysRevC.73.045206",
      year           = "2006",
      SLACcitation   = "%%CITATION = HEP-PH/0509241;%%"}

@ARTICLE{arneodo_review,
      author  = "Arneodo, M.",
   journal = " Phys. Rep.", 
    year    = "1994",
     volume  = "240", 
    pages   = "301",
}

@Article{Athar:2009cr,
     author    = "Athar, M. Sajjad and Simo, I. Ruiz and Vacas, M. J. Vicente
                  ",
     title     = "{Nuclear medium modification of the F2 structure
                  function}",
     year      = "2009",
     eprint    = "arXiv:0910.4879",
     archivePrefix = "arXiv",
     primaryClass  =  "nucl-th",
     SLACcitation  = "%%CITATION = 0910.4879;%%"
}

@Article{Accardi_tarmass2008plb,
     author    = "Accardi, A. and Melnitchouk, W.",
     title     = "{Target mass corrections for spin-dependent structure
                  functions in collinear factorization}",
     journal   = "Phys. Lett.",
     volume    = "B670",
     year      = "2008",
     pages     = "114-118",
     primaryClass  =  "hep-ph",
     doi       = "10.1016/j.physletb.2008.10.036",
     SLACcitation  = "%%CITATION = 0808.2397;%%"
}



@Article{Accardi_tarmass2008jhep,
     author    = "Accardi, Alberto and Qiu, Jian-Wei",
     title     = "{Collinear factorization for deep inelastic scattering
                  structure functions at large Bjorken xB}",
     journal   = "JHEP",
     volume    = "07",
     year      = "2008",
     pages     = "090",
     primaryClass  =  "hep-ph",
     doi       = "10.1088/1126-6708/2008/07/090",
     SLACcitation  = "%%CITATION = 0805.1496;%%"
}

@ARTICLE{berger,
   author = "Berger, E.L. and Coester, F", 
   year = "1985",
   journal = "Phys. Rev. D.",  
  volume  = "32", 
 pages   = "1071",}



@ARTICLE{bjorken_scaling,
author  = "J. D. Bjorken",  
journal = "Phys. Rev. ",   
year    = "1969",   
volume  = "179",  
 pages   = "1547"}

@Article{ berz_cosy,
  author ="M. Berz",  
 journal   = "{COSY Infinity Version and Reference Manual}",  
note ="{NSCL Technical report MSUCL-977}", 
 year = "1995"}



@ARTICLE{benhar_emccalcnucmatt,
   author = "Benhar, O. and Pandharipande, V. R. and Sick, I.",  
   year = "1997",   
   journal = " Phys. Lett. B. ",    
   volume  = "410", 
   pages   = "79"}


@Article{Bari:1985ga,
     author    = "Bari, G. and others",
 collaboration = "BCDMS",
     title     = "{A Measurement of Nuclear Effects in Deep Inelastic Muon
                  Scattering on Deuterium, Nitrogen and Iron Targets}",
     journal   = "Phys. Lett.",
     volume    = "B163",
     year      = "1985",
     pages     = "282",
     doi       = "10.1016/0370-2693(85)90238-2",
     SLACcitation  = "%%CITATION = PHLTA,B163,282;%%"
}

@Article{bosted_model,
     author    = "Bosted, P. E. and Christy, M. E.",
     title     = "{Empirical Fit to Inelastic Electron-Deuteron and Electron-
                  Neutron Resonance Region Transverse Cross Sections}",
     journal   = "Phys. Rev. C",
     volume    = "77",
     year      = "2008",
     pages     = "065206",
     eprint    = "0711.0159",
     archivePrefix = "arXiv",
     primaryClass  =  "hep-ph",
     doi       = "10.1103/PhysRevC.77.065206",
     SLACcitation  = "%%CITATION = 0711.0159;%%"
}

@Article{Benhar:qe_archive,
     author    = "Benhar, Omar and Day, Donal and Sick, Ingo",
     title     = "{An archive for quasi-elastic electron nucleus scattering
                  data}",
     year      = "2006",
     eprint    = "nucl-ex/0603032",
     archivePrefix = "arXiv",
     SLACcitation  = "%%CITATION = NUCL-EX/0603032;%%"
}

@Article{Benvenuti:1987az,
     author    = "Benvenuti, A. C. and others",
 collaboration = "BCDMS",
     title     = "{Nuclear Effects in Deep Inelastic Muon Scattering on
                  Deuterium and Iron Targets}",
     journal   = "Phys. Lett.",
     volume    = "B189",
     year      = "1987",
     pages     = "483",
     doi       = "10.1016/0370-2693(87)90664-2",
     SLACcitation  = "%%CITATION = PHLTA,B189,483;%%"
}

@Article{Bodek:1983qn,
     author    = "Bodek, A. and others",
     title     = "{Electron Scattering from Nuclear Targets and Quark
                  Distributions in Nuclei}",
     journal   = "Phys. Rev. Lett.",
     volume    = "50",
     year      = "1983",
     pages     = "1431",
     doi       = "10.1103/PhysRevLett.50.1431",
     SLACcitation  = "%%CITATION = PRLTA,50,1431;%%"
}









@ARTICLE{cern_bcdms1,
     author = "Bari, G. and others",
 year = "1985",  
journal = " Phys. Lett. B", 
volume = "163",
pages = "282",
}


@ARTICLE{cern_bcdms2,
     author = "Benvenuti, A. C. and others", 
   year = "1987",  
  journal = " Phys. Lett. B", 
  volume = "189",
   pages = "483",
}



@Article{Cloet:2005rt,
     author    = "Cloet, I. C. and Bentz, Wolfgang and Thomas, Anthony
                  William",
     title     = "{Spin-dependent structure functions in nuclear matter and
                  the polarized  EMC effect}",
     journal   = "Phys. Rev. Lett.",
     volume    = "95",
     year      = "2005",
     pages     = "052302",
     archivePrefix = "arXiv",
     doi       = "10.1103/PhysRevLett.95.052302",
     SLACcitation  = "%%CITATION = NUCL-TH/0504019;%%"
}

@Article{Cloet:2006bq,
     author    = "Cloet, I. C. and Bentz, Wolfgang and Thomas, Anthony
                  William",
     title     = "{EMC and polarized EMC effects in nuclei}",
     journal   = "Phys. Lett.",
     volume    = "B642",
     year      = "2006",
     pages     = "210-217",
     archivePrefix = "arXiv",
     doi       = "10.1016/j.physletb.2006.08.076",
     SLACcitation  = "%%CITATION = NUCL-TH/0605061;%%"
}










@ARTICLE{cern_na2prime1,
     author = "Ashman, J. and others",
 year = "1988", 
 journal = "Phys. Lett. B",
 volume = "202",
pages = "603",
}

@ARTICLE{cern_na2prime2,
     author = "Ashman, J. and others", 
year = "1993",
  journal = "Z. Phys. C", 
volume = "57",
pages = "211",
}

@ARTICLE{close83,
author = "Close, F. E. and others",    
year = "1983", 
journal = "Phys. Lett. B.", 
volume  = "129", 
pages   = "346",
}

@Article{Close85,
     author    = "Close, F. E. and Jaffe, R. L. and Roberts, R. G. and Ross,
                  Graham G.",
     title     = "{Change of Confinement Scale in Nuclei: Predictions for
                  Structure Functions Confront Electroproduction Data}",
     journal   = "Phys. Rev. D",
     volume    = "31",
     year      = "1985",
     pages     = "1004",
     doi       = "10.1103/PhysRevD.31.1004",
     SLACcitation  = "%%CITATION = PHRVA,D31,1004;%%"
}


@article{chanfray:1984,
      author         = "Chanfray, G. and  Nachtmann, O. and Pirner, H.J.",
      title          = "{A COLOR DIELECTRIC MODEL FOR THE NUCLEUS}",
      journal        = "Phys. Lett.",
      volume         = "B147",
      pages          = "249",
      doi            = "10.1016/0370-2693(84)90110-2",
      year           = "1984",
}




@Article{Dutta:2010pg,
     author    = "Dutta, D. and Peng, J. C. and Cloet, I. C. and Gaskell, D.
                  ",
     title     = "{Pion-induced Drell-Yan processes and the flavor-dependent
                  EMC effect}",
     journal   = "Phys. Rev. C",
     volume    = "83",
     year      = "2011",
     pages     = "042201",
     doi       = "10.1103/PhysRevC.83.042201",
     SLACcitation  = "%%CITATION = 1007.3916;%%"
}









@Article{Dutta:2003yt,
     author    = "Dutta, D. and others",
     title     = "{A Study of the Quasi-elastic (e,e'p) Reaction on $^{12}$C,
                  $^{56}$Fe and $^{97}$Au}",
     journal   = "Phys. Rev. C",
     volume    = "68",
     year      = "2003",
     pages     = "064603"
}


@Article{day_fymodel,
  author = "Day, D. and Sick, I.",
  year = "2004",   
journal = "Phys. Rev. C", 
volume  = "69", 
 pages   = "028501",
}


@Article{deFlorian:1993hx,
     author    = "de Florian, D. and Epele, L. N. and Fanchiotti, H. and
                  Garcia Canal, C. A. and Sassot, R.",
     title     = "{Excess pions in Drell-Yan and deep inelastic scattering
                  experiments}",
     journal   = "Z. Phys.",
     volume    = "A350",
     year      = "1994",
     pages     = "55-59",
     doi       = "10.1007/BF01285052",
     SLACcitation  = "%%CITATION = ZEPYA,A350,55;%%"
}

@Article{seely09,
     author    = "Seely, J. and others",
     title     = "{New measurements of the EMC effect in very light nuclei}",
     journal   = "Phys. Rev. Lett.",
     volume    = "103",
     year      = "2009",
     pages     = "202301",
     archivePrefix = "arXiv",
     primaryClass  =  "nucl-ex",
     doi       = "10.1103/PhysRevLett.103.202301",
     SLACcitation  = "%%CITATION = 0904.4448;%%"
}

@Article{Frankfurt:1985ui,
     author    = "Frankfurt, L. L. and Strikman, M. I.",
     title     = "{On the Normalization of Nucleus Spectral Function and the
                  EMC Effect}",
     journal   = "Phys. Lett.",
     volume    = "B183",
     year      = "1987",
     pages     = "254",
    doi       = "10.1016/0370-2693(87)90958-0",
     SLACcitation  = "%%CITATION = PHLTA,B183,254;%%"
}

@article{Frankfurt:2012qs,
      author         = "Frankfurt, Leonid and Strikman, Mark",
      title          = "{QCD and QED dynamics in the EMC effect}",
      journal        = "Int.J.Mod.Phys.",
      volume         = "E21",
      pages          = "1230002",
      doi            = "10.1142/S0218301312300020",
      year           = "2012",
      SLACcitation   = "%%CITATION = ARXIV:1203.5278;%%"}

@Article{Frankfurt_photon_pdf2010,
     author    = "Frankfurt, Leonid and Strikman, Mark",
     title     = "{Photon parton distributions in nuclei and the EMC
                  effect}",
     journal   = "Phys. Rev. C",
     volume    = "82",
     year      = "2010",
     pages     = "065203",
     eprint    = "1009.4920",
     archivePrefix = "arXiv",
     primaryClass  =  "nucl-th",
     doi       = "10.1103/PhysRevC.82.065203",
     SLACcitation  = "%%CITATION = 1009.4920;%%"
}


@Article{geesaman95,
     author    = "Geesaman, Donald F. and Saito, K. and Thomas, Anthony
                  William",
     title     = "{The nuclear EMC effect}",
     journal   = "Ann. Rev. Nucl. Part. Sci.",
     volume    = "45",
     year      = "1995",
     pages     = "337-390",
     doi       = "10.1146/annurev.ns.45.120195.002005",
     SLACcitation  = "%%CITATION = ARNUA,45,337;%%"
}

@ARTICLE{aste_ccor,
   author  = "Aste, A. and  von Arx, C. and Trautmann, D.",
   year = "2005",
   journal = "Eur. Phys. J.",
    volume  = "A 26",
    pages   = "167",
}


@Article{aste2_ccor,
     author    = "Aste, Andreas and Jourdan, Jurg",
     title     = "{Improved effective momentum approximation for quasielastic
                  (e,e') scattering off highly charged nuclei}",
     journal   = "Europhys. Lett.",
     volume    = "67",
     year      = "2004",
     pages     = "753-759",
     eprint    = "nucl-th/0403075",
     archivePrefix = "arXiv",
     doi       = "10.1209/epl/i2004-10113-x",
     SLACcitation  = "%%CITATION = NUCL-TH/0403075;%%"
}

@article{blok08,
      author         = "Blok, H.P. and others",
      title          = "{Charged pion form factor between Q**2 = 0.60-GeV**2 and
                        2.45-GeV**2. I. Measurements of the cross section for the
                        H-1(e,e-prime pi+)n reaction}",
      journal        = prc,
      volume         = "78",
      pages          = "045202",
      year           = "2008"}

@Article{georgi_tmc,
  author = "Georgi, H. and Politzer, H. D.", 
 year = "1976",   
journal = "Phys. Rev. D", 
volume  = "14",  
pages   = "1829",
}


@Article{Hirai_clusteringSF2010,
     author    = "Hirai, M. and Kumano, S. and Saito, K. and Watanabe, T.",
     title     = "{Clustering aspects in nuclear structure functions}",
     journal   = "Phys. Rev. C",
     volume    = "83",
     year      = "2011",
     pages     = "035202",
     eprint    = "1008.1313",
     archivePrefix = "arXiv",
     primaryClass  =  "hep-ph",
     doi       = "10.1103/PhysRevC.83.035202",
     SLACcitation  = "%%CITATION = 1008.1313;%%"
}




@Article{hermes_ackerstaff,
     author    = "Ackerstaff, K. and others",
     title     = "{Nuclear effects on R = sigma(L)/sigma(T) in deep inelastic
                  scattering}",
     journal   = "Phys. Lett.",
     volume    = "B475",
     year      = "2000",
     pages     = "386-394",
     SLACcitation  = "%%CITATION = HEP-EX/9910071;%%"
}

@ARTICLE{hermes_correction_airapetian,
author = "Airapetian, A. and others",
year = "2003",
journal = "Phys. Lett. B", 
volume = "567",
pages = "339",
}

@article{hermes_dbyp,
      author         = "Airapetian, A. and others",
      title          = "{Inclusive Measurements of Inelastic Electron and
                        Positron Scattering from Unpolarized Hydrogen and
                        Deuterium Targets}",
      journal        = "JHEP",
      volume         = "1105",
      pages          = "126",
      doi            = "10.1007/JHEP05(2011)126",
      year           = "2011",
      eprint         = "1103.5704",
      archivePrefix  = "arXiv",
      primaryClass   = "hep-ex",
      reportNumber   = "DESY-11-048",
      SLACcitation   = "%%CITATION = ARXIV:1103.5704;%%",
}


@ARTICLE{jaffe83,
author  =  "R. L. Jaffe",
journal = "Phys. Rev. Lett. ", 
year    = "1983",  
volume  = "50", 
pages   = "228",
}


@Article{Kulagin:2004ie,
     author    = "Kulagin, S. A. and Petti, R.",
     title     = "{Global study of nuclear structure functions}",
     journal   = "Nucl. Phys.",
     volume    = "A765",
     year      = "2006",
     pages     = "126-187",
     archivePrefix = "arXiv",
     doi       = "10.1016/j.nuclphysa.2005.10.011",
     SLACcitation  = "%%CITATION = HEP-PH/0412425;%%"
}




@Article{Leemann:2001dg,
     author    = "Leemann, C. W. and Douglas, D. R. and Krafft, G. A.",
     title     = "{The Continuous Electron Beam Accelerator Facility: CEBAF
                  at the Jefferson Laboratory}",
     journal   = "Ann. Rev. Nucl. Part. Sci.",
     volume    = "51",
     year      = "2001",
     pages     = "413-450",
     doi       = "10.1146/annurev.nucl.51.101701.132327",
     SLACcitation  = "%%CITATION = ARNUA,51,413;%%"
}


@Article{Li:1988rj,
     author    = "Li, G. L. and Liu, K. F. and Brown, G. E.",
     title     = "{ROLE OF NUCLEAR BINDING IN THE EMC EFFECT}",
     journal   = "Phys. Lett.",
     volume    = "B213",
     year      = "1988",
     pages     = "531",
     doi       = "10.1016/0370-2693(88)91305-6",
     SLACcitation  = "%%CITATION = PHLTA,B213,531;%%"
}

@Article{Liuti:2005qj,
     author    = "Liuti, S. and Taneja, S. K.",
     title     = "{Nuclear medium modifications of hadrons from generalized
                  parton  distributions}",
     journal   = "Phys. Rev. C",
     volume    = "72",
     year      = "2005",
     pages     = "034902",
     archivePrefix = "arXiv",
     doi       = "10.1103/PhysRevC.72.034902",
     SLACcitation  = "%%CITATION = HEP-PH/0504027;%%"
}

@Article{Liuti:2006dx,
     author    = "Liuti, Simonetta",
     title     = "{Connection between in medium nucleon form factors and deep
                  inelastic  structure functions}",
     year      = "2006",
     eprint    = "hep-ph/0601125",
     archivePrefix = "arXiv",
     SLACcitation  = "%%CITATION = HEP-PH/0601125;%%"
}



@Article{Lu:1998tn,
     author    = "Lu, Ding-Hui and Tsushima, Kazuo and Thomas, Anthony
                  William and Williams, Anthony Gordon and Saito, K.",
     title     = "{Electromagnetic form factors of the bound nucleon}",
     journal   = "Phys. Rev. C",
     volume    = "60",
     year      = "1999",
     pages     = "068201",
     archivePrefix = "arXiv",
     doi       = "10.1103/PhysRevC.60.068201",
     SLACcitation  = "%%CITATION = NUCL-TH/9807074;%%"
}

@Article{sargsian03,
     author    = "Sargsian, M. M. and others",
     title     = "{Hadrons in the nuclear medium. ((V))}",
     journal   = "J. Phys.",
     volume    = "G29",
     year      = "2003",
     pages     = "R1",
     doi       = "10.1088/0954-3899/29/3/201",
     SLACcitation  = "%%CITATION = NUCL-TH/0210025;%%"
}





@Article{Mineo:2003vc,
     author    = "Mineo, H. and Bentz, Wolfgang and Ishii, N. and Thomas,
                  Anthony William and Yazaki, K.",
     title     = "{Quark distributions in nuclear matter and the EMC
                  effect}",
     journal   = "Nucl. Phys.",
     volume    = "A735",
     year      = "2004",
     pages     = "482-514",
     archivePrefix = "arXiv",
     doi       = "10.1016/j.nuclphysa.2004.02.011",
     SLACcitation  = "%%CITATION = NUCL-TH/0312097;%%"
}


@Article{meekins_target,
  author ="D. Meekins",   
  journal   = "{Hall C Target Configuration}", 
  year = "2004",
}


@Article{Marco_dy:1997,
     author    = "Marco, E. and Oset, E.",
     title     = "{Mesonic and binding contributions to the nuclear Drell-Yan
                  process}",
     journal   = "Nucl. Phys.",
     volume    = "A645",
     year      = "1999",
     pages     = "303-313",
     archivePrefix = "arXiv",
     doi       = "10.1016/S0375-9474(98)00607-1",
     SLACcitation  = "%%CITATION = NUCL-TH/9712005;%%"
}

@Article{Melnitchouk:1995fc,
     author    = "Melnitchouk, W. and Thomas, Anthony William",
     title     = "{Neutron / proton structure function ratio at large x}",
     journal   = "Phys. Lett.",
     volume    = "B377",
     year      = "1996",
     pages     = "11-17",
     archivePrefix = "arXiv",
     doi       = "10.1016/0370-2693(96)00292-4",
     SLACcitation  = "%%CITATION = NUCL-TH/9602038;%%"
}


@ARTICLE{motsai_rc,
author = "Mo, L. W. and Tsai, Y. S.",    
year = "1969",   
journal = "Rev. Mod. Phys.",   
volume  = "41",  
pages   = "205",}


@Article{Marco_dis:1995,
     author    = "Marco, E. and Oset, E. and Fernandez de Cordoba, P.",
     title     = "{Mesonic and Binding Contributions to the EMC Effect in a
                  Relativistic Many Body Approach}",
     journal   = "Nucl. Phys.",
     volume    = "A611",
     year      = "1996",
     pages     = "484-513",
     archivePrefix = "arXiv",
     doi       = "10.1016/S0375-9474(96)00289-8",
     SLACcitation  = "%%CITATION = NUCL-TH/9510060;%%"
}

@Article{Mckeown_fymodel,
author = "McKeown, R. D. and others",  
year = "1986",  
journal = "Phys. Rev. lett", 
volume  = "56",  
pages   = "1452",
}

@Article{nadia_f2prl,
     author    = "Fomin, N. and others",
     title     = "{Scaling of the F_2 structure function in nuclei and quark
                  distributions at x>1}",
     journal   = "Phys. Rev. Lett.",
     volume    = "105",
     year      = "2010",
     pages     = "212502",
     primaryClass  =  "nucl-ex",
     doi       = "10.1103/PhysRevLett.105.212502",
     SLACcitation  = "%%CITATION = 1008.2713;%%"
}






@Article{Norton_emcreview,
     author    = "Norton, P. R.",
     title     = "{The EMC effect}",
     journal   = "Rept. Prog. Phys.",
     volume    = "66",
     year      = "2003",
     pages     = "1253-1297",
     doi       = "10.1088/0034-4885/66/8/201",
     SLACcitation  = "%%CITATION = RPPHA,66,1253;%%"
}

@ARTICLE{nmcf2nf2p1,
author  = "Arneodo, M.",  
journal = "Nuc. Phys. B",   
year    = "1995",   
volume  = "364",  
pages   = "107",
}

@ARTICLE{nmcf2nf2p2,
author  = "Arneodo, M.",  
journal = "Nuc. Phys. B",  
year    = "1997",   
volume  = "487",   
pages   = "3",
}

@ARTICLE{Nach_pirner,
   author = "O. Nachtmann and H. J. Pirner ",   
 year = "1984",  
 journal = " Z. Phys. C",   
 volume  = "21",
  pages   = "277",}

@article{aubert83,
      author         = "Aubert, J.J. and others",
      title          = "{The ratio of the nucleon structure functions $F2_n$ for
                        iron and deuterium}",
      collaboration  = "European Muon Collaboration",
      journal        = "Phys. Lett.",
      volume         = "B123",
      pages          = "275",
      year           = "1983"}

@article{aubert86,
      author         = "Aubert, J.J. and others",
      title          = "{A Detailed Study of the Nucleon Structure Functions in
                        Deep Elastic Muon Scattering in Iron}",
      collaboration  = "European Muon Collaboration",
      journal        = "Nucl. Phys.",
      volume         = "B272",
      pages          = "158",
      doi            = "10.1016/0550-3213(86)90346-9",
      year           = "1986",
      reportNumber   = "CERN-EP-86-05",
      SLACcitation   = "%%CITATION = NUPHA,B272,158;%%"}

@Article{Pieper:2001mp,
     author    = "Pieper, Steven C. and Wiringa, Robert B.",
     title     = "{Quantum Monte Carlo Calculations of Light Nuclei}",
     journal   = "Ann. Rev. Nucl. Part. Sci.",
     volume    = "51",
     year      = "2001",
     pages     = "53-90",

     doi       = "10.1146/annurev.nucl.51.101701.132506",
     SLACcitation  = "%%CITATION = NUCL-TH/0103005;%%"
}


@Article{SajjadAthar:2009cr,
     author    = "Sajjad Athar, M. and Ruiz Simo, I. and Vicente Vacas, M. J.
                  ",
     title     = "{Nuclear medium modification of the F2 structure
                  function}",
     year      = "2009",
     eprint    = "0910.4879",
     archivePrefix = "arXiv",
     primaryClass  =  "nucl-th",
     SLACcitation  = "%%CITATION = 0910.4879;%%"
}


@ARTICLE{rosenfelder_ccor,
   author  = "Rosenfelder, R.",    
   year = "1980",
   journal = "Annals Phys.",   
   volume  = "128",  
   pages   = "188",
}



@Article{Saito:1994ki,
     author    = "Saito, K. and Thomas, Anthony William",
     title     = "{A Quark - meson coupling model for nuclear and neutron
                  matter}",
     journal   = "Phys. Lett.",
     volume    = "B327",
     year      = "1994",
     pages     = "9-16",
     archivePrefix = "arXiv",
     doi       = "10.1016/0370-2693(94)91520-2",
     SLACcitation  = "%%CITATION = NUCL-TH/9403015;%%"
}

@Article{Saito:2005rv,
     author    = "Saito, K. and Tsushima, Kazuo and Thomas, Anthony William",
     title     = "{Nucleon and hadron structure changes in the nuclear medium
                  and impact  on observables}",
     journal   = "Prog. Part. Nucl. Phys.",
     volume    = "58",
     year      = "2007",
     pages     = "1-167",
     archivePrefix = "arXiv",
     doi       = "10.1016/j.ppnp.2005.07.003",
     SLACcitation  = "%%CITATION = HEP-PH/0506314;%%"
}

@Article{Smith:2004dn,
     author    = "Smith, J. and Miller, G.",
     title     = "{Chiral solitons in nuclei: Electromagnetic form factors}",
     journal   = "Phys. Rev. C",
     volume    = "70",
     year      = "2004",
     pages     = "065205",
     archivePrefix = "arXiv",
     doi       = "10.1103/PhysRevC.70.065205",
     SLACcitation  = "%%CITATION = NUCL-TH/0407093;%%"
}

@Article{Smith:2005ra,
     author    = "Smith, J. and Miller, G.",
     title     = "{Polarized quark distributions in nuclear matter}",
     journal   = "Phys. Rev. C",
     volume    = "72",
     year      = "2005",
     pages     = "022203",
     archivePrefix = "arXiv",
     doi       = "10.1103/PhysRevC.72.022203",
     SLACcitation  = "%%CITATION = NUCL-TH/0505048;%%"
}

@Article{Smith:2002ci,
     author    = "Smith, J. and Miller, G.",
     title     = "{Return of the EMC effect: Finite nuclei}",
     journal   = "Phys. Rev. C",
     volume    = "65",
     year      = "2002",
     pages     = "055206",
     archivePrefix = "arXiv",
     doi       = "10.1103/PhysRevC.65.055206",
     SLACcitation  = "%%CITATION = NUCL-TH/0202016;%%"
}

@Article{Smith:2003hu,
     author    = "Smith, Jason Robert and Miller, Gerald A.",
     title     = "{Return of the EMC effect: A new hope}",
     journal   = "Phys. Rev. Lett.",
     volume    = "91",
     year      = "2003",
     pages     = "212301",
     archivePrefix = "arXiv",
     doi       = "10.1103/PhysRevLett.91.212301",
     SLACcitation  = "%%CITATION = NUCL-TH/0308048;%%"
}


@Article{strauch02,
     author    = "Strauch, S. and others",
 collaboration = "Jefferson Lab E93-049",
     title     = "Polarization transfer in the He-4(e(pol.),e' p(pol.))H-3
                  reaction up to Q**2 = 2.6-(GeV/c)**2",
     journal   = prl,
     volume    = "91",
     year      = "2003",
     pages     = "052301",
     SLACcitation  = "%%CITATION = NUCL-EX/0211022;%%"}

@Article{schiavilla05,
     author    = "Schiavilla, R. and Benhar, O. and Kievsky, A. and Marcucci,
                  L. E. and Viviani, M.",
     title     = "{Polarization transfer in He-4(e(pol.),e' p(pol.))H-3: Is
                  the ratio  G(E(p))/G(M(p)) modified in medium?}",
     journal   = prl,
     volume    = "94",
     year      = "2005",
     pages     = "072303", 
     SLACcitation  = "%%CITATION = NUCL-TH/0412020;%%"}
   

@ARTICLE{slacf2nf2p,
author = "Bodek, A and others", 
journal = "Phys. Rev. D", 
year =  "1979",
volume = "20",
pages = "1471",
}


@ARTICLE{slace139,
author = "J. Gomez and others", 
journal = "Phys. Rev. D",
 year =  "1994",
volume = "49",
pages = "4348",
}

@ARTICLE{slace49b,
author = "Bodek, A and others", 
journal = "Phys. Rev. Lett", 
year =  "1983",volume = "51",
pages = "534",
}


@ARTICLE{slace87,
author = "Bodek, A and others", 
journal = "Phys. Rev. Lett", 
year =  "1983",volume = "50",
pages = "1431",
}

@ARTICLE{slace61,
author = "Stein, S. and others", 
journal = "Phys. Rev. D", 
year =  "1975",
volume = "12",
pages = "1884",
}


@article{slace140,
      author         = "Dasu, S. and deBarbaro, P. and Bodek, A. and Harada, H.
                        and Krasny, M.W. and others",
      title          = "{Measurement of kinematic and nuclear dependence of R =
                        sigma-L / sigma-t in deep inelastic electron scattering}",
      journal        = "Phys. Rev. D",
      volume         = "49",
      pages          = "5641-5670",
      doi            = "10.1103/PhysRevD.49.5641",
      year           = "1994",
      reportNumber   = "SLAC-PUB-5814, UR-1304, ER-40685-753",
      SLACcitation   = "%%CITATION = PHRVA,D49,5641;%%",
}



@article{sick_day_nucmatter,
      author         = "Sick, I. and Day, D.",
      title          = "{The EMC effect of nuclear matter}",
      journal        = "Phys. Lett.",
      volume         = "B274",
      pages          = "16-20",
      doi            = "10.1016/0370-2693(92)90297-H",
      year           = "1992",
      SLACcitation   = "%%CITATION = PHLTA,B274,16;%%",
}


@Article{tsai_rc,
  author = "Tsai, Y. S.", 
journal = "{}",  note ="{SLAC-PUB-848}", 
 year = "1971",
}

@ARTICLE{tarmasscor,
author = "Miramontes, J. L. and Guillen, J. S.",  
year = "1988", 
journal = "Z. Phys. ",   
volume  = "C41",  
pages   = "247",
}


@ARTICLE{wallyf2nf2p,
author = "Melnitchouk, W. and Thomas, A. W.",
journal = "Phys. Lett.", 
year =  "1996",
volume = "B377",
pages = "11",
}

@Article{Alde_DY_E772:1990,
     author    = "Alde, D. M. and others",
     title     = "{Nuclear dependence of dimuon production at 800-GeV. FNAL-
                  772 experiment}",
     journal   = "Phys. Rev. Lett.",
     volume    = "64",
     year      = "1990",
     pages     = "2479-2482",
     doi       = "10.1103/PhysRevLett.64.2479",
     SLACcitation  = "%%CITATION = PRLTA,64,2479;%%"
}







%%%%%%%%%theses%%%%%%%

@PHDTHESIS{jason_thesis,
   author = "J. Seely",  
 school = "Massachusetts Institute of Technology", 
  year = "2006",
}

@PHDTHESIS{clasie_thesis,
   author = "B. Clasie",  
 school = "Massachusetts Institute of Technology", 
  year = "2006",
}

@PHDTHESIS{aji_thesis,
   author = "A. Daniel",  
 school = "University of Houston", 
  year = "2007",
}

@PHDTHESIS{johna_thesis,
  AUTHOR        ="J. Arrington",
  SCHOOL        ="California Institute of Technology",
  YEAR          ="1998",
  NOTE          ="arXiv:nucl-ex/0608013"}


@PHDTHESIS{dasu_thesis,
author = "S.R. Dasu",   
school = "University of Rochester",  
 year = "1988",
}

@article{Mamyan:2012th,
      author         = "Mamyan, Vahe",
      title          = "{Measurements of F_{2} and R=\sigma_{L}/\sigma_{T} on
                        Nuclear Targets in the Nucleon Resonance Region}",
      year           = "2012",
      eprint         = "arXiv:1202.1457",
      archivePrefix  = "arXiv",
      primaryClass   = "nucl-ex",
      SLACcitation   = "%%CITATION = ARXIV:1202.1457;%%"}


@PHDTHESIS{nadia_thesis,
author = "N. Fomin",   
school = "University of Virginia",  
year = "2008",
note = "arXiv:0812.2114"}
}


%%%%%%%%%%%%%%%%%misc%%%%

@MISC{e03103proposal,
  AUTHOR        ="J. Arrington and Gaskell, D",
  HOWPUBLISHED  ="spokespersons, Jefferson Lab experiment E03-103"}

@MISC{e08104_proposal,
  AUTHOR        ="Arrington, J. and Solvignon, P. and Higinbotham, D. and Day, D. B.",
  HOWPUBLISHED  ="spokespersons, Jefferson lab experiment E08-014"}

@MISC{e12008_proposal,
  AUTHOR        ="Arrington, J. and Daniel, A. and Gaskell, D.",
  HOWPUBLISHED  ="spokespersons, Jefferson lab experiment E12-10-008"}

@article{arrington04,
      author         = "Arrington, John",
      title          = "{Do ordinary nuclei contain exotic states of matter?}",
      journal        = "Heavy Ion Phys.",
      volume         = "21",
      pages          = "295-300",
      doi            = "10.1556/APH.21.2004.2-4.30",
      year           = "2004",
      eprint         = "hep-ph/0304213",
      archivePrefix  = "arXiv",
      primaryClass   = "hep-ph",
      SLACcitation   = "%%CITATION = HEP-PH/0304213;%%",
}

@article{arrington06,
      author         = "Arrington, John",
      title          = "{Hadrons in the nuclear medium: Quarks, nucleons, or a
                        bit of both?}",
      year           = "2006",
      eprint         = "nucl-ex/0602007",
      archivePrefix  = "arXiv",
      primaryClass   = "nucl-ex",
      SLACcitation   = "%%CITATION = NUCL-EX/0602007;%%"}

@article{arrington09,
      author         = "Arrington, J. and Coester, F. and Holt, R.J. and Lee,
                        T.-S.H.",
      title          = "{Neutron Structure Functions}",
      journal        = "J. Phys.",
      volume         = "G36",
      pages          = "025005",
      doi            = "10.1088/0954-3899/36/2/025005",
      year           = "2009",
      SLACcitation   = "%%CITATION = ARXIV:0805.3116;%%"}

@Article{arrington01,
     author    = "Arrington, J. and others",
     title     = "x and xi scaling of the nuclear structure function at large
                  x",
     journal   = prc,
     volume    = "64",
     year      = "2001",
     pages     = "014602",
     SLACcitation  = "%%CITATION = NUCL-EX 0102004;%%"}

@article{arrington99,
      author         = "Arrington, J. and Armstrong, C.S. and Averett, T. and
                        Baker, O. Keith and de Bever, L. and others",
      title          = "{Inclusive electron - nucleus scattering at large
                        momentum transfer}",
      journal        = "Phys.Rev.Lett.",
      volume         = "82",
      pages          = "2056-2059",
      doi            = "10.1103/PhysRevLett.82.2056",
      year           = "1999",
      SLACcitation   = "%%CITATION = NUCL-EX/9811008;%%"}

@ARTICLE{filippone92,
  AUTHOR        ="B. W. Filippone and others",
  JOURNAL       =prc,
  VOLUME        ="45",
  PAGES         ="1582",
  YEAR          ="1992"}

@Article{egiyan03,
     author    = "Egiyan, K. S. and others",
 collaboration = "CLAS",
     title     = "Observation of Nuclear Scaling in the $A(e,e^{\prime})$
                  Reaction at $x_B>$1",
     journal   = prc,
     volume    = "68",
     year      = "2003",
     pages     = "014313",
     SLACcitation  = "%%CITATION = NUCL-EX 0301008;%%"}

@Article{egiyan06,
     author    = "Egiyan, K. S. and others",
 collaboration = "CLAS",
     title     = "Measurement of 2- and 3-Nucleon Short Range Correlation
                  Probabilities in Nuclei",
     journal   = prl,
     volume    = "96",
     year      = "2006",
     pages     = "082501",
     SLACcitation  = "%%CITATION = NUCL-EX 0508026;%%"}

@article{shneor07,
      author         = "Shneor, R. and others",
      title          = "{Investigation of proton-proton short-range correlations
                        via the C-12(e, e-prime pp) reaction}",
      collaboration  = "Jefferson Lab Hall A Collaboration",
      journal        = "Phys. Rev. Lett.",
      volume         = "99",
      pages          = "072501",
      doi            = "10.1103/PhysRevLett.99.072501",
      year           = "2007",
       SLACcitation   = "%%CITATION = NUCL-EX/0703023;%%"}
                    
@Article{subedi08,
     author    = "Subedi, R. and others",
     title     = "{Probing Cold Dense Nuclear Matter}",
     journal   = "Science",
     volume    = "320",
     year      = "2008",
     pages     = "1476-1478",
     archivePrefix = "arXiv",
     primaryClass  =  "nucl-ex",
     doi       = "10.1126/science.1156675",
     SLACcitation  = "%%CITATION = 0908.1514;%%"}

@Article{frankfurt93,
     author    = "Frankfurt, L. L. and Strikman, M. I. and Day, D. B. and
                  Sargsian, M.",
     title     = "{Evidence for short range correlations from high Q**2 (e,
                  e-prime) reactions}",
     journal   = "Phys. Rev. C",
     volume    = "48",
     year      = "1993",
     pages     = "2451-2461",
     doi       = "10.1103/PhysRevC.48.2451",
     SLACcitation  = "%%CITATION = PHRVA,C48,2451;%%"
}

@article{accardi10,
      author         = "Accardi, A. and others",
      title          = "{New parton distributions from large-$x$ and low-$Q^2$
                        data}",
      journal        = "Phys. Rev. D",
      volume         = "81",
      pages          = "034016",
      doi            = "10.1103/PhysRevD.81.034016",
      year           = "2010",
      eprint         = "0911.2254",
      archivePrefix  = "arXiv",
      primaryClass   = "hep-ph",
      reportNumber   = "JLAB-THY-09-09-1105",
      SLACcitation   = "%%CITATION = ARXIV:0911.2254;%%"}

@ARTICLE{cteq6_pdf,
author    = "Lai, H. L. and others",
journal   = "JHEP",
volume    = "04", 
year      = "2007", 
pages     = "089",
}

@article{afnan03,
      author         = "Afnan, Iraj Ruhi and Bissey, Francois Rene Pierre and
                        Gomez, J. and Katramatou, A.T. and Liuti, Simonetta and
                        others",
      title          = "{Deep inelastic scattering from A = 3 nuclei and the
                        neutron structure function}",
      journal        = "Phys. Rev. C",
      volume         = "68",
      pages          = "035201",
      doi            = "10.1103/PhysRevC.68.035201",
      year           = "2003",
      SLACcitation   = "%%CITATION = NUCL-TH/0306054;%%"}

@MISC{benhar_priv,
  AUTHOR        ="O. Benhar",
  NOTE          ="private communication"}

@Article{smirnov99,
     author    = "Smirnov, G. I.",
     title     = "Determination of the pattern of nuclear binding from the
                  data on the  lepton nucleus deep inelastic scattering",
     journal   = "Eur. Phys. J.",
     volume    = "C10",
     year      = "1999",
     pages     = "239-247",
     SLACcitation  = "%%CITATION = HEP-PH 9901422;%%"}

@article{burov99,
      author         = "Burov, V.V. and Molochkov, A.V. and Smirnov, G.I.",
      title          = "{Evolution of the nucleon structure in the lightest
                        nuclei}",
      journal        = "Phys. Lett.",
      volume         = "B466",
      pages          = "1-10",
      doi            = "10.1016/S0370-2693(99)01077-1",
      year           = "1999",
      SLACcitation   = "%%CITATION = NUCL-TH/9904050;%%"}

@Article{whitlow92,
     author    = "Whitlow, L. W. and Riordan, E. M. and Dasu, S. and Rock,
                  Stephen and Bodek, A.",
     title     = "Precise measurements of the proton and deuteron structure
                  functions from a global analysis of the SLAC deep inelastic
                  electron scattering cross-sections",
     journal   = "Phys. Lett.",
     volume    = "B282",
     year      = "1992",
     pages     = "475-482",
     SLACcitation  = "%%CITATION = PHLTA,B282,475;%%"}

@Article{Solvignon:2009it,
     author    = "Solvignon, Patricia and Gaskell, Dave and Arrington, John",
     title     = "{Coulomb Distortion in the Inelastic Regime}",
     journal   = "AIP Conf. Proc.",
     volume    = "1160",
     year      = "2009",
     pages     = "155-159",
     eprint    = "arXiv:0906.0512",
     archivePrefix = "arXiv",
     primaryClass  =  "nucl-ex",
     doi       = "10.1063/1.3232023",
     SLACcitation  = "%%CITATION = 0906.0512;%%"
}

@article {antonov86,
   author = {Antonov, A. and Petkov, I.},
   title = {General functional relation between nucleon momentum and density distributions in nuclei},
   journal = {Il Nuovo Cimento A},
   publisher = {Italian Physical Society},
   keyword = {Physics and Astronomy},
   year = "1986",
   pages = {68-78},
   volume = {94},
   issue = {1},
}

@Article{hirai07,
     author    = "Hirai, M. and Kumano, S. and Nagai, T.-H.",
     journal   = "Phys. Rev. C",
     volume    = "76",
     year      = "2007",
}

